2190 2978
926 44 978 105 'nt

98 122 207 197 promiffi
224 125 294 187 Eius,
311 141 358 198 qno
368 125 513 180 naseiturum
526 121 639 177 mulieris
649 121 733 177 femen
743 119 772 191 in
782 116 891 171 solamen
906 117 977 171 mise-

97 212 183 249 rorum
198 196 323 267 pollicitus
336 197 427 256 fuerat,
446 193 635 265 complemento
653 193 749 261 sperare
764 196 891 267 poterant·
927 187 976 240 Sed

96 264 231 325 videamus,
253 266 337 320 annon
356 266 428 319 etiam
447 262 519 317 altera
539 263 578 316 illa
598 260 759 333 problematis
777 258 912 321 sciatentra,
928 273 976 328 per

94 351 167 403 quarn
181 345 252 408 *nup
268 336 334 388 idem
353 335 400 387 ell'e
417 334 491 392 dicit,
516 333 600 402 qnod,
624 330 747 384 rotatilimii
761 328 820 382 milii
839 345 920 380 arreum
938 327 975 379 oi·

52 435 57 441 1
95 419 161 463 rum,
176 402 265 472 aliquid
277 399 432 457 incommodi
444 403 538 459 lrabeat,
547 417 573 455 et
583 418 667 454 annon
678 401 803 469 aliquanto
816 396 884 449 forte
898 397 972 467 plus?

95 472 196 541 Nempe
211 479 233 532 ι)
245 472 332 525 nititur
344 470 504 524 incertiffimo
515 485 541 523 et
554 470 623 522 valde
633 469 711 522 dnbio
719 465 891 537 supp'ofitode
905 466 972 519 Adai

95 539 132 591 mi
143 539 251 592 ianuam
264 558 367 594 rancore
384 557 411 592 ac
424 539 498 598 odio,
515 540 571 607 post
584 538 686 609 lapsum,
713 555 766 607 quo
784 535 827 605 ipfi
845 534 875 587 ab
891 551 970 589 vxore

26 634 39 642 -
95 607 195 660 seduno
203 607 303 661 felicitas
315 608 437 675 primitius
448 609 560 676 petierat,
567 608 592 659 in
603 625 656 659 eam
667 605 768 663 neceni,
775 605 858 671 deque
870 620 970 672 cogno-

95 675 230 728 minatione
245 677 298 728 eius
314 676 387 745 nim
397 694 412 727 a
423 676 512 742 pariare
523 675 639 734 desnmta,
670 680 728 740 ‚pm
740 673 789 742 seq.
804 675 833 725 R.
852 673 901 724 Sed
916 673 968 725 hoc

89 744 150 811 quis
160 743 229 795 facile
239 744 338 797 credat?
355 761 380 796 et
394 745 468 812 relegi
479 744 577 813 poliunt
589 743 629 796 cui
649 692 730 805 liabet,
752 760 816 811 quae
833 741 904 810 snpra
921 740 966 793 suo

94 811 154 862 loeo
163 810 193 863 ad
204 812 254 864 ltoc
265 812 367 865 fuerunt
378 811 497 880 responsa.
534 812 564 874 a)
576 811 632 864 Sine
644 812 721 863 dubio
733 810 848 862 maritum
860 812 911 862 Eua
922 808 966 861 sibi

94 877 188 944 dudum
197 880 366 933 blandimentis
377 880 446 934 variis
462 880 646 935 conciliauerat;
663 893 733 931 certe
746 894 830 930 tamen
848 895 901 930 non
917 885 965 946 per

94 947 245 1008 natiuitatem
256 948 364 1016 denique
377 948 428 1002 filii,
442 947 483 999 sed
495 948 578 1017 potius
587 964 633 1017 per
646 947 764 999 familiare
776 946 845 998 thori
860 946 966 998 cottsor-

95 1014 164 1066 tium.
175 1015 229 1067 Etsi
238 1016 291 1084 quis
300 1016 487 1068 nouametlrorlo
498 1016 571 1067 vellet
579 1016 621 1073 vti,
629 1015 905 1068 hancconcilia'tionem
913 1015 963 1067 iam

93 1081 196 1147 dudum,
204 1096 229 1134 et
237 1084 432 1136 antevaerinuae
444 1084 611 1150 gestationem,
619 1082 825 1152 acproindeante
833 1083 907 1135 Caini
920 1098 962 1135 na·

95 1148 224 1210 natitatem,
233 1167 284 1201 non
297 1152 395 1202 demum
407 1151 446 1201 die
458 1152 587 1203 natiuitatis
600 1150 765 1213 illinsfailam
777 1150 860 1207 inille,
873 1168 902 1201 ex
912 1151 962 1202 arass

93 1215 153 1267 bico
162 1216 275 1268 facillime
287 1218 427 1269 conficeret.
459 1218 534 1286 Qod
545 1219 611 1270 enim
622 1231 703 1270 textus
712 1218 833 1270 hebraeus
849 1218 881 1268 de
898 1218 962 1271 Ada·

93 1299 139 1334 mo
152 1284 288 1350 praedicat,
305 1285 373 1353 quod
384 1296 427 1339 97³
440 1286 569 1351 cognouerit
584 1301 687 1338 vantem
704 1285 781 1348 suam,
806 1285 832 1337 id
844 1285 961 1338 facillime

94 1367 126 1402 ex
141 1352 235 1424 arabico
250 1353 284 1403 ad
294 1353 471 1404 conciliationem
484 1353 583 1412 Atlanti,
600 1370 648 1421 qua
663 1370 722 1405 cnm
742 1354 852 1424 coniuge
864 1354 890 1404 in
898 1371 960 1424 gra·-

90 1442 151 1495 tiam
165 1439 250 1502 iiiiii,
271 1442 334 1494 trahi
350 1442 433 1511 pollet.
466 1444 531 1495 Nam
546 1442 572 1492 τὸ
589 1422 646 1539 ἕως
678 1440 725 1494 suis
745 1441 823 1509 literis
843 1444 973 1514 hebraeo

62 1553 66 1558 e
89 1543 136 1592 W
152 1521 310 1599 respondens,
324 1533 360 1585 est
369 1530 442 1584 etiam
453 1521 480 1582 in
494 1516 654 1627 Coningi‘lll.
670 1547 696 1584 et
710 1534 865 1599 VILpacem
881 1532 959 1603 ficit,

89 1641 115 1692 in
133 1638 239 1705 gratiam
254 1636 331 1688 realia.
366 1639 397 1690 Et
409 1637 468 1691 hinc
485 1636 520 1688 est
536 1608 609 1727 {2³39
631 1638 779 1710 venustatus,
790 1639 918 1709 placidus,'
931 1628 959 1696 et

90 1743 145 1829 {iti
161 1780 323 1850 monstrando,
342 1782 511 1850 tranquilitas,
521 1796 546 1835 et
564 1753 638 1871 {aii
663 1784 768 1854 quietus.
790 1805 814 1840 v.
828 1786 887 1840 Gol.
905 1786 925 1839 L
936 1806 959 1843 c,

333 1859 335 1863 .
588 1859 596 1886 Ι
673 1856 676 1859 .

89 1906 115 1958 p.
129 1893 200 1950 anaia.
234 1888 302 1959 Qid
313 1905 370 1955 ergo
384 1887 536 1956 prohiberet,
553 1889 586 1941 ita
602 1888 718 1943 reddere:
735 1906 761 1944 et
776 1892 856 1945 Adam
872 1894 960 1945 conci-

90 1959 159 2010 liatus
171 1957 218 2009 fuit
228 1959 303 2014 Euae,
319 1971 344 2007 et
354 1957 378 2006 in
390 1957 489 2023 gratiam
503 1973 560 2007 cum
576 1975 603 2010 ea
613 1958 699 2018 rediit;
713 1976 845 2028 antequam
863 1978 959 2015 conce-

89 2039 173 2095 peram
197 2029 263 2082 anm
287 2037 310 2074 et
324 2037 379 2074 tnnc
397 2024 514 2091 concepit
537 2039 562 2075 et
580 2026 697 2094 peperit?
715 2030 889 2096 Argumentor
904 2029 962 2094 ianas

89 2093 221 2163 ἄνθρωπον,
245 2107 270 2144 et
284 2090 404 2144 methodo
422 2090 549 2144 doiliffimi
567 2094 702 2147 aduersarii.
741 2100 772 2160 3)
786 2098 891 2150 Maritus
914 2099 961 2153 du-

88 2163 148 2215 dum
159 2163 191 2214 illi
201 2159 276 2213 fallns
288 2174 338 2211 erat
347 2160 478 2226 peculiam,
495 2159 525 2224 (fi
539 2159 623 2234 10¹an
638 2176 771 2233 tantopere
783 2168 870 2234 vaget)
887 2183 961 2221 nemi

87 2249 122 2301 pe
140 2232 166 2282 in
181 2231 259 2299 prima
273 2226 473 2297 desponsatione,
495 2229 573 2281 statim
589 2231 645 2297 post
659 2231 745 2284 faciam
763 2252 777 2284 e
793 2236 860 2287 costa
877 2236 961 2289 mariti
1023 2238 1025 2247 ”

87 2300 277 2355 formationem,
288 2297 423 2365 interprete
439 2295 487 2364 ipsa
501 2295 563 2349 sacra
578 2299 676 2351 historia
688 2301 756 2353 Gen.
767 2303 796 2360 ll,
806 2321 846 2364 aa.
858 2303 907 2356 fane
919 2304 963 2359 ista

87 2369 162 2423 verba
174 2367 222 2419 Dei
233 2365 289 2424 smt,
307 2365 354 2416 fiue
366 2364 437 2416 Molis
451 2363 591 2425 θεοπνέυςε,
610 2384 664 2420 non
678 2369 789 2438 denique
803 2389 851 2440 per
867 2390 963 2427 nouam

8 2448 11 2449 ’
88 2435 288 2507 conciliationem
305 2450 399 2503 perque
414 2449 510 2502 partum
526 2434 568 2487 filii
589 2437 756 2504 acquirendas.
784 2446 786 2449 '
804 2442 873 2493 Nam
887 2441 964 2511 litigia

89 2508 222 2572 coniugum
239 2519 292 2553 non
309 2502 399 2553 tollunt
416 2501 554 2556 alterutrius
569 2504 690 2572 peculium
704 2518 746 2568 aut
760 2510 891 2579 propriam
904 2517 965 2581 pos·

88 2573 229 2628 seffionemt
246 2570 286 2623 sed
304 2586 416 2625 motuum
427 2570 502 2623 saltim
514 2572 544 2624 ad
555 2577 655 2645 tempus
667 2593 792 2636 amoremt
810 2596 859 2632 nec
877 2582 965 2633 conci-

88 2643 156 2701 liatio
166 2657 253 2695 eornm
265 2640 368 2694 restituit
377 2640 507 2707 petillium,
524 2641 565 2765 seg
576 2645 720 2701 charitatem
732 2660 758 2702 et
772 2646 892 2772 familiasrp
904 2655 963 2727 coir·

165 2740 166 2743 ¹
584 2731 597 2764 2
887 2731 963 2773 rtrum
