2190 2978
91 170 278 230 'Domiaatorem
288 169 466 241 (notivirum3
484 169 540 243 quia
556 171 619 226 haee
630 172 764 244 'appellatio
780 177 806 229 in
823 175 930 235 infantes
944 195 972 238 et

101 261 193 317 pueros
203 259 255 305 non
267 241 351 298 eadat,
369 257 478 295 nectam
496 245 527 295 de
542 243 613 305 serm,
629 259 702 312 quam
718 245 750 296 de
765 246 913 301 conditione
925 267 985 321 po*-

100 315 149 367 tius
157 307 258 363 maritali
274 310 300 376 in
309 308 379 364 saeris
389 311 518 382 usurpetur
527 313 750 371 Gen.VlI,2.eutn
761 329 848 383 eontra
860 333 924 386 puer
934 334 973 370 et·⁴
1015 314 1016 317 ’

92 383 143 434 >iam
156 377 236 432 loafus
249 399 262 431 2
275 380 373 434 Chaon.
384 382 470 434 XXIII.
480 399 522 433 rex
532 397 558 434 et
569 383 708 434 Domitratar
717 383 882 451 appelletur);
894 383 934 437 fed
946 402 973 440 et

96 449 196 502 alteram
213 448 278 502 haud
294 450 478 520 aspernandam,
495 451 569 503 hanc:
592 449 704 520 acquisiti
719 450 744 502 iar
755 453 876 517 peculium
890 453 985 509 uiarum
1005 510 1007 512 ,

97 531 138 587 ope
148 518 255 572 februar.
291 520 320 571 Id
334 518 381 582 est,
401 538 448 589 ego
461 521 507 573 hac
518 520 644 573 natiuitate
653 520 711 577 filii,
725 530 779 573 uun
796 522 812 580 i.
824 537 846 571 e:
856 522 973 574 attritam

62 593 68 602 '‘
98 588 253 651 attestamini
266 588 300 641 ob
312 588 402 658 lapsum
412 604 437 642 et
448 606 478 641 ex
487 588 530 640 illo
542 590 674 642 deriuatatu
685 589 711 640 in
723 604 779 640 eum
790 589 973 657 turpitudinem

99 659 181 711 adhue
192 657 326 717 infensum,
337 664 407 729 *blap
417 656 449 709 de
461 664 532 709 nono
541 658 601 710 mihi
614 658 734 710 conciliati
742 670 767 708 et
777 657 902 727 fauentem
913 659 971 711 red-⁴

100 726 166 784 didi;
176 742 201 778 et
212 726 263 777 hoc
274 724 375 789 quidem
385 734 442 786 bin*
454 735 495 794 nte
503 743 557 793 curra
567 725 614 779 ftue
623 725 750 791 opitulante
757 727 870 779 Domino
878 743 904 796 p.
915 731 970 794 12'4.

83 804 85 806 ’
102 812 131 845 12
136 793 157 855 5ss
166 799 230 855 aab·
259 793 332 842 Hanc
343 805 427 862 tamen
437 793 602 860 posteriorem
617 795 685 845 alteri
696 795 774 863 priori
787 794 971 863 praeferendam

98 863 226 931 opinatur,
243 858 277 909 ob
292 859 409 917 tnaiores,
427 876 489 926 quae
507 860 570 910 issam
586 862 706 927 prae-hac
715 861 841 926 posteriore
858 878 971 930 urgeant,

98 929 269 982 difficultates
295 929 326 980 Et
337 944 398 995 quae
412 926 466 978 funt
477 926 545 978 illae?
566 930 590 990 ι)
603 927 667 997 Qia
682 931 743 990 Ena}
753 928 769 979 fi
781 930 813 980 de
822 931 903 983 Meffia
914 948 972 1000 pro·
989 933 990 937 ’
1026 929 1028 932 ”
1047 953 1053 964 ¹

96 997 243 1054 nunciasset,
261 995 366 1063 decepta
381 993 465 1060 suisset.
501 997 571 1047 R:·—at
589 994 664 1063 saepe
674 996 779 1048 fallimur
794 998 972 1062 iudicandoet

95 1065 267 1125 enuntiando,
285 1063 376 1115 infirmi
392 1064 530 1125 homines,
541 1080 592 1115 nec
607 1078 690 1132 tamen
706 1064 765 1116 ideo
781 1065 903 1132 sequitur,
917 1083 972 1119 nos

95 1136 156 1189 illud
168 1140 195 1187 in
210 1149 294 1185 mente
305 1148 330 1184 er
340 1149 385 1187 ore
398 1145 457 1184 aton
465 1131 579 1200 habuisse,
592 1132 680 1201 inquo
694 1149 740 1185 nos
757 1134 840 1186 errasse
851 1133 972 1204 falsosque,

97 1204 181 1266 fuine,
198 1217 304 1263 euentus
321 1199 405 1252 docet.
432 1205 459 1265 2)
471 1201 535 1269 Qtia
548 1201 718 1252 denominatio
733 1201 832 1253 infantis
847 1214 901 1256 utu
916 1204 972 1266 viri,

99 1273 210 1327 inufitata
222 1285 247 1323 et
257 1269 330 1321 nimis
342 1269 401 1321 dura
413 1267 487 1320 foret.
521 1269 599 1338 Rased
614 1268 801 1338 ipselnterpres
811 1270 849 1322 Cl.
859 1271 971 1324 Haitsma

20 1378 21 1383 =
99 1344 165 1397 hanc
176 1340 294 1393 duritiem
305 1337 412 1389 feliciter
422 1335 538 1398 emolliit,
554 1336 668 1403 exemplo
680 1338 775 1405 pueruli
788 1338 856 1395 loafr,
867 1340 930 1406 regis
943 1355 970 1392 et

91 1410 174 1465 *creati
185 1423 210 1461 et
223 1405 349 1477 appellati;
365 1404 472 1456 etmulti
484 1404 575 1474 paruuli
587 1403 748 1471 aparentibus
759 1407 972 1478 nominaaccepe'-

32 1475 33 1478 ¹
100 1494 166 1536 runt,
177 1473 241 1545 quae
251 1476 281 1527 ab
291 1473 396 1526 infantili
406 1487 483 1526 aetate
494 1472 566 1540 longe
576 1473 718 1544 abfuerunt;
738 1487 763 1524 vt
775 1473 894 1533 Noctibus,
916 1492 970 1544 quo

95 1562 218 1616 >tempore
229 1545 262 1597 ita
272 1542 450 1611 appellabatur,
464 1540 626 1610 nonpoterat
642 1539 688 1592 esse
704 1541 854 1601 consolator,
871 1539 970 1597 futurus

95 1631 184 1671 -tamen
195 1613 239 1665 fuo
249 1627 365 1680 tempore
376 1625 438 1667 erat,
458 1611 524 1661 Gen.
534 1611 615 1673 V·'29.
652 1611 682 1670 3)
698 1608 760 1678 Quis
776 1610 872 1672 credat,
891 1612 968 1664 Euam

100 1684 192 1745 filium,
211 1697 286 1749 quem
295 1677 416 1730 nesciebat
427 1672 534 1746 probum
547 1675 614 1738 fore,
630 1693 661 1737 an
674 1677 831 1745 improbum,
846 1677 967 1733 lehouam

100 1750 236 1824 appellasfe!
254 1751 280 1801 R.
293 1748 347 1815 quis
356 1745 423 1798 idem
434 1743 575 1797 credidisset
581 1744 613 1797 de
622 1744 765 1813 parentibus
779 1745 863 1805 Iudae,
879 1746 967 1801 illiuse

51 1861 53 1864 ι
102 1818 237 1874 duodecim
254 1813 344 1869 Christi
357 1814 503 1873 comitibus,
522 1811 659 1883 proditoris
674 1812 770 1881 potius,
790 1831 875 1886 quam,
896 1813 967 1884 quod
1050 1827 1051 1832 ’

100 1889 205 1944 nomine
219 1884 350 1943 referebat,
379 1880 524 1950 confisfatis?
550 1880 625 1933 etde
642 1881 751 1949 pluribus
769 1880 796 1933 id
808 1899 886 1950 genus
904 1884 970 1946 aliia,

90 1960 166 2013 bona
180 1954 281 2024 quidem
292 1951 333 2020 spe
345 1950 538 2017 cognominatio,
550 1948 592 2001 fed
603 1950 687 2018 postea
697 1950 915 2017 degenerantibus?
930 1967 979 2008 vta

99 2029 133 2082 de
143 2020 288 2081 Absaldmo,
304 2019 365 2071 nihil
377 2018 469 2078 minus,
486 2034 559 2086 quam
573 2018 640 2086 pacis
655 2013 767 2075 sudore,
778 2018 906 2070 turbatore
919 2022 969 2089 *poss

98 2099 148 2151 tius
160 2109 185 2146 et
195 2088 321 2144 seditioso.
355 2089 386 2139 Et
400 2087 489 2139 errauit
500 2088 549 2138 Eua
564 2084 590 2135 in
604 2083 717 2152 persona,
735 2084 804 2154 quod
819 2085 913 2140 dudum
930 2104 970 2142 re-

97 2162 256 2236 sponderunt
266 2155 351 2226 prisci,
368 2157 448 2224 errare
459 2168 539 2207 autem
550 2154 682 2206 humanum
695 2152 741 2210 est,
768 2169 891 2221 caeterum
906 2174 918 2207 a
931 2157 969 2210 vj,

97 2238 135 2291 tio
146 2224 348 2302 praecipitantiae
357 2223 384 2274 in
394 2238 461 2275 tanta
472 2221 549 2279 causa,
564 2234 666 2273 matrem
679 2222 752 2274 Euam
764 2239 817 2274 non
828 2222 972 2279 liberamusl·

98 2309 128 2369 a)
140 2304 204 2355 N0ss
216 2297 252 2348 est
264 2292 408 2365 probabile,
430 2290 595 2361 protoplastos
609 2302 705 2358 tempus
714 2289 811 2343 Mediae
826 2291 889 2344 adeo
908 2311 969 2362 pro.

98 2375 221 2446 pinquum
237 2361 365 2423 iudicasse,
384 2375 411 2412 vt
424 2361 508 2428 primo
526 2358 593 2410 illum
611 2365 687 2426 partu
704 2358 817 2426 protinus
829 2360 967 2417 affuturum

99 2441 201 2495 credere
212 2434 315 2505 possent.
353 2431 381 2481 R.
391 2445 477 2498 ¹neque
492 2442 575 2479 tamen
588 2427 660 2495 plane
676 2425 711 2477 est
725 2427 897 2495 improbab11e7
910 2431 967 2499 quia

93 2511 149 2563 *Dei
177 2506 206 2559 ad
223 2499 337 2572 promisl'a
370 2494 497 2567 implenda
531 2494 740 2564 promritudinem
758 2496 841 2547 animo
866 2500 967 2551 voluere

100 2590 228 2648 poterant,
244 2585 332 2640 vtpote
341 2584 417 2636 quem
427 2566 521 2619 summe
531 2567 625 2617 bonum
640 2563 696 2626 ene,
711 2564 871 2632 gratiofiffima
885 2567 969 2634 crimi.

101 2647 148 2705 nis,
163 2641 231 2711 quod
244 2656 286 2705 per
298 2638 363 2689 esum
374 2636 468 2688 frufius
482 2635 552 2686 vetiti
564 2631 718 2692 admiserant,
730 2633 917 2686 condonatione
926 2651 968 2686 ex.
1039 2682 1041 2685 .

100 2709 288 2786 pertimerent,
305 2722 332 2758 ac
346 2704 454 2774 proinde
470 2704 567 2776 optime
579 2703 610 2757 de
623 2701 690 2772 lpso,
711 2702 794 2772 deque
809 2700 969 2824 accelerantpp

117 2789 118 2792 ’
137 2806 140 2812 ·
162 2810 164 2814 -
856 2786 940 2843 promi
959 2790 966 2824 t
