2190 2978
920 46 976 97 XV

100 116 215 187 tiphchae
224 118 249 171 in
259 115 332 175 abab
341 118 383 190 qui
392 117 516 189 prohibet,
523 117 585 170 illam
597 134 628 170 vo
633 133 686 170 cem
697 114 743 169 ell'e
753 116 827 168 slatus
838 112 981 190 consimili,

95 187 167 253 'quod
177 200 260 241 tamen
270 189 322 242 vult
333 188 428 241 nouella
440 187 523 240 verso.
539 186 587 239 Sed
598 187 687 239 adrem
698 186 779 255 ipsam.
797 184 822 234 A
830 181 866 246 aqi
873 188 931 237 nna
942 180 977 259 sa-

90 255 131 324 scit
142 255 249 314 initium,
262 258 332 327 quod
343 258 397 310 alias
409 256 499 324 vulgari
512 255 567 313 vsu,
578 268 650 323 porta
660 255 706 313 ell;
723 253 765 306 sed
778 253 874 305 Nolito
889 250 926 302 est
941 267 977 301 vr-

92 321 183 385 dlotim
197 329 256 378 cut?
267 327 323 396 quia
332 325 466 378 vidlotibus
478 339 626 393 expugnatae
636 323 701 377 vrbis
710 323 794 408 ianuae
808 320 976 419 rqcludantur.

777 401 789 420 Ι
805 398 817 420 ⁶

92 430 212 502 Egregie!
233 433 305 494 item,
320 433 376 500 quia
390 431 463 483 semel
477 432 617 499 iterumque
630 431 752 496 arabicum
770 422 838 512 δώ
859 428 933 479 certis
947 426 974 478 in

13 501 15 511 '
75 571 76 574 Ἴ
92 504 154 557 locis
170 508 321 560 arabicorum
337 508 485 577 scriptorum
503 508 648 567 necessum,
664 507 695 559 stc
711 506 830 575 poscente
845 518 975 561 contextu,

91 571 119 625 stt
130 575 225 625 viatoria
236 577 260 626 E.
271 576 343 628 etiam
355 577 405 628 hoc
416 577 481 629 loco.
494 578 541 629 Sed
553 593 615 643 quae
625 574 801 642 consequentia
812 593 823 627 a
834 571 972 644 particulari

39 657 40 660 ¹
89 641 120 691 ad
136 641 271 705 vniuetsale,
282 658 322 695 aut
331 645 359 694 ab
368 644 418 697 alio
429 645 459 696 ad
470 645 533 696 aliud
548 643 707 712 particulare?
722 642 785 695 nulla
796 641 918 712 imprimis
929 654 971 692 aut

89 708 239 771 necessitate,
255 725 296 761 aut
308 710 511 802 melioripsensus
527 713 622 763 tatione
637 710 761 761 suadente.
795 713 858 762 ltem
871 709 972 779 illustrat

344 788 346 790 ,
435 782 460 803 ,,
1029 791 1031 794 ,
1091 781 1094 784 .

25 801 29 808 ”
88 810 238 886 indepquod
255 814 376 866 arabicum
409 807 468 887 ¹¹¹ti&
478 817 552 868 etiam
563 815 603 874 sit,
619 817 656 865 ius
666 813 739 873 dixit,
753 814 822 867 litem
834 813 971 867 diiudican-

90 887 125 940 do
137 889 248 944 diremit;
266 892 386 957 quoniam
397 894 443 943 hac
454 892 550 943 ratione
565 892 701 944 reserentur
712 907 800 957 portae
813 892 929 954 institiae,
942 905 970 944 vt

38 1007 40 1009 ,
90 955 150 1008 inde
160 971 203 1030 aut
211 969 345 1023 paeaareo
358 965 386 1010 et'
396 959 462 1011 causa
473 953 585 1051 cadentis
594 974 636 1011 aut
650 959 746 1008 vitiario
755 958 822 1027 parti
832 959 902 1010 llanti
911 975 970 1027 pro-

58 1049 61 1052 *
92 1062 157 1112 deat.
193 1061 262 1112 Hinc
283 1063 356 1114 etiam
376 1050 508 1117 arabicum
519 1030 585 1138 {fii
598 1076 697 1128 poenam
717 1064 750 1115 ait
768 1062 821 1114 elle.
870 1063 973 1131 Largior

91 1129 141 1180 iam
154 1129 332 1196 intereaquod
343 1124 490 1181 aduersarius
501 1130 580 1182 sumit.
615 1130 663 1182 Sed
675 1146 766 1198 quaero
777 1145 844 1181 nunc
857 1129 889 1179 de
898 1130 974 1183 sensu.

89 1196 177 1265 Qalis
191 1195 280 1263 quaeso
296 1197 364 1248 foret
379 1198 431 1254 ille,
448 1198 463 1248 st
480 1198 647 1265 expendamus
662 1198 776 1266 proxime
788 1196 970 1256 antecedentia;
1009 1197 1016 1201 ’

91 1280 184 1332 nempe
194 1264 255 1331 quid
271 1266 359 1332 quaeso
375 1265 458 1319 foret?
475 1274 556 1320 :tntu
573 1263 609 1318 ab
625 1278 686 1322 ntea:
702 1266 727 1315 Si
742 1278 822 1316 autem
838 1263 975 1331 actisactis

86 1332 189 1399 probas,
198 1332 232 1381 ad
240 1331 360 1401 vitiarium
367 1334 457 1398 peccati
466 1334 543 1386 caba?
560 1336 657 1403 Qtanta
666 1333 817 1385 incertitudo
828 1333 982 1398 inculparen-⁴¹

91 1399 130 1452 ti?
136 1401 179 1450 alu
188 1399 247 1451 illud
257 1401 303 1453 erit
313 1400 447 1453 subieclum
458 1403 568 1461 vincens,
578 1419 609 1454 au
619 1401 743 1454 obietllum
753 1401 973 1462 viarcendttm?An,

93 1482 158 1521 vttu
169 1467 252 1518 vincas
266 1485 411 1536 peccatum,
427 1471 500 1528 cuba;
516 1488 558 1522 an:
578 1484 605 1522 vt
618 1469 745 1522 vincatisa
762 1482 878 1539 peccato,
896 1470 971 1527 cuba,

91 1534 151 1588 fiue:
170 1533 225 1591 ets
239 1552 291 1586 nou
302 1536 377 1587 suetis
387 1539 488 1606 probus,
499 1552 559 1589 tunc
570 1539 675 1599 securuq
686 1551 761 1606 utque
771 1537 881 1597 vincaris,
894 1536 970 1589 ieluti

90 1602 203 1656 cubantia
214 1604 269 1670 post
278 1605 369 1671 pastum
382 1613 487 1672 pecora,
503 1606 619 1658 cubabit?
635 1607 724 1672 Magna
738 1618 805 1656 certe
815 1603 971 1671 ambiguitas,

48 1727 52 1731 ,
90 1688 120 1728 ex
137 1671 236 1739 tipltcha
249 1670 276 1721 iu
291 1683 346 1726 nnn
360 1672 481 1738 neglecto.
505 1675 605 1729 Annon,
621 1688 666 1739 pet
679 1684 809 1723 accentum
827 1670 967 1739 tiphonem,

90 1738 179 1791 rectius
189 1738 235 1788 ita:
245 1738 268 1789 Si
277 1754 329 1789 non
339 1738 414 1789 fueris
424 1739 523 1807 probus,
529 1739 558 1791 ad
569 1738 694 1791 vidoriam
700 1752 822 1804 peccatum
831 1738 913 1797 tubam
922 1739 938 1789 i.
945 1756 968 1791 e.

90 1821 118 1860 vt
128 1805 254 1869 vislotiam
265 1808 393 1874 peccatum
407 1820 456 1856 ate
468 1822 588 1875 reportet,
595 1807 704 1863 excubat,
716 1819 764 1867 aut,
775 1806 909 1872 inpoeaam
922 1807 971 1858 tibi

90 1874 244 1927 inserendam
254 1888 279 1924 et
289 1873 335 1931 tibi
345 1872 517 1925 demerenda-m
531 1874 610 1926 cubat.
622 1880 623 1883 ’
643 1875 673 1925 Et
682 1873 713 1925 stc
724 1873 838 1941 quidem,
847 1872 969 1942 supposta

91 1944 166 1996 etiarn
183 1942 302 2009 tantisper
319 1941 392 2009 longe
407 1941 482 2010 petita
499 1940 672 2009 fignificatione
689 1952 752 2004 nne„
764 1958 813 2010 pto,
828 1942 925 1992 villaria
941 1955 968 1995 et

87 2026 170 2080 poeria,
183 2009 260 2061 stralus
272 2024 353 2061 tamen
364 2025 467 2077 vterque
481 2024 522 2061 aut
531 2010 653 2065 alteruter,
664 2009 744 2060 multo
756 2010 916 2061 commodior
929 2008 970 2061 fo-

91 2096 143 2138 ret,
153 2094 226 2147 quam
237 2076 253 2127 st
266 2092 320 2128 tum
330 2081 447 2129 'accentus
464 2077 609 2145 negligatur,
620 2091 673 2142 tum
689 2078 762 2146 status
775 2077 929 2130 consttudlus
939 2078 967 2131 in

92 2159 148 2204 lana
168 2146 278 2214 fingatur.
312 2145 359 2197 Sed
371 2160 404 2206 vt,
420 2144 479 2212 quid
491 2146 533 2197 fibi
547 2146 614 2207 velit,
626 2144 780 2213 intelligatur,
792 2145 842 2213 ipse
856 2160 969 2198 mentem

91 2218 156 2272 suam
169 2215 201 2265 ita
211 2213 326 2265 declarat:
344 2214 368 2264 Si
381 2229 434 2264 nou
445 2213 510 2265 bene
521 2213 606 2281 egeria,
614 2214 675 2264 cuba
687 2228 713 2264 et
722 2212 818 2282 quiesce
831 2213 861 2264 ad
871 2214 970 2280 peccati

91 2283 227 2340 vidoram,
239 2282 281 2333 ie.
295 2281 398 2350 quietem
409 2298 499 2349 atraere
508 2282 533 2332 in
543 2280 653 2332 vincendo
659 2284 759 2346 patrata
779 2282 840 2333 Hoc
849 2282 905 2348 quis
918 2298 974 2334 cte·

90 2354 148 2407 dat?
164 2352 213 2402 hoc
224 2350 278 2416 quis
289 2350 420 2417 intelligat?
432 2351 492 2402 baec
504 2349 542 2401 cui
557 2348 609 2412 satis
623 2351 756 2401 cohaerere
771 2363 796 2400 et
808 2348 918 2400 inuicem
933 2366 975 2402 re·

91 2421 220 2491 spondere,
228 2418 276 2469 siue
286 2418 442 2470 miravocum
449 2416 589 2470 deflexione
597 2431 622 2469 et
630 2417 699 2470 variis
709 2416 974 2485 figaria,videbumur?

90 2495 188 2545 Verum
199 2486 261 2537 nibil
271 2485 324 2538 sane
338 2486 418 2538 causae
430 2487 478 2544 est,
496 2503 539 2539 cur
553 2486 652 2553 recepta
666 2485 775 2538 hebraeis
784 2485 860 2537 notio
873 2487 906 2536 aa
918 2498 976 2543 tatto

87 2560 174 2614 ianuae
189 2555 321 2612 deseratur;
335 2571 392 2607 cum
404 2553 558 2624 prouerbiale
569 2554 632 2606 hoc:
642 2553 675 2604 ad
683 2553 764 2619 ostiam
776 2554 869 2614 cubare,
879 2572 976 2608 conue-

88 2625 266 2689 nientissimum
278 2623 305 2678 fit
316 2639 434 2697 peccato,
445 2640 491 2695 per
504 2622 607 2699 aliquam
619 2621 846 2695 prosopopoeiam,
859 2623 891 2701 ad
901 2622 975 2677 Caini

476 2712 477 2715 ’
746 2706 747 2709 “
869 2707 988 2747 lassuflffls.
