2190 2978
108 188 171 234 rum,
182 169 197 223 fi
210 171 261 224 hoc
273 182 442 237 argumentum
455 166 581 238 procedit,
592 167 665 220 etiam
682 177 723 232 ope
732 165 872 233 argelatam
877 199 884 226 ‚
902 163 938 216 vti
951 181 993 220 au-

108 241 263 298 dervense,
281 240 311 290 ad
323 239 444 291 Adamum
460 240 487 290 in
498 238 621 290 Haadrma
639 236 748 288 habitare
765 234 909 288 faciendum
927 251 992 305 opus

106 329 159 364 non
170 325 227 362 erar.
261 308 338 366 Multa
348 324 429 360 autem
441 325 488 376 pro
501 309 616 375 sapientia
627 307 676 358 Dei
685 305 764 368 stunt,
778 319 891 358 nontam
903 322 991 358 neces-

105 380 172 432 srtate
182 379 306 447 exigente,
317 394 390 444 quam
409 375 556 445 ιὶνεξιχυιάςῳ
571 375 690 428 liberrimi
702 375 812 428 numinis
824 374 932 435 consilio,
946 392 990 429 cu·

105 449 144 501 ius
153 446 233 499 causae
243 465 256 498 a
266 444 338 498 nobis
349 445 442 498 curiose
453 464 506 498 non
517 447 572 498 sunt
585 444 717 497 rimandae.
752 445 825 498 Hnec
838 443 920 512 igitur,
932 444 988 514 qui-

106 517 152 569 bus
165 516 195 567 ad
205 513 346 567 nouandum
361 514 385 566 se
398 514 444 566 effe
456 529 612 568 commotum
625 514 671 575 ait,
686 512 746 565 ficut
760 513 841 565 tenuia
860 513 927 565 sunt:
946 513 988 577 ite,

107 596 168 654 quae
183 597 269 635 contra
283 582 399 640 militant,
417 597 487 635 tanto
500 584 554 635 sunt
566 583 684 651 grauiora.
722 582 776 633 Cur
791 583 856 633 enim
873 583 900 632 ed
915 595 988 653 [arun

107 653 138 704 ad
149 652 272 707 Adamum
283 665 378 717 praeter
388 652 551 703 necessitatem
563 651 685 707 referens,
704 651 779 702 nimis
790 650 948 704 confidenter
960 666 987 704 et

107 720 133 776 ri
150 737 215 777 etim,
230 733 255 769 et
271 716 296 767 τὸ
307 718 445 776 Hurdarrrr,
463 737 568 787 quorum
584 733 698 770 neutrum
710 719 736 770 in
747 719 854 771 hebraeo
863 735 933 772 textu
944 722 988 782 eli,

108 788 206 844 inserit?
223 787 276 837 Cur
289 796 329 842 nn
344 805 356 838 a
372 803 430 838 nota
444 787 571 838 recusatiui
589 786 708 843 defiedlit,
727 802 760 841 et,
775 787 824 839 srne
837 788 987 850 sseceffitute,

108 853 315 926 praepofitiouem
333 854 408 906 facit?
432 871 475 905 cur
495 854 631 920 Hendirarlps
647 854 673 904 in
693 857 724 915 τῷ
741 856 865 906 Cherubim
879 871 903 907 er
912 859 989 923 stani-

109 940 186 979 mir,
202 920 416 989 repudiat?·quod
428 937 510 972 tamen
521 923 546 971 in
558 921 663 987 antiquis
677 922 778 989 linguis,
794 924 897 976 hebraea
909 942 988 993 aeque

110 1008 138 1042 ac
155 1005 237 1056 graecu
253 1002 277 1036 et
291 987 375 1045 latine,
384 995 386 999 ’
396 993 436 1038 vsu
449 988 640 1056 receptissimum
653 989 701 1051 est,
717 1004 742 1040 et
755 991 814 1041 huie
830 992 915 1043 nostro
928 994 989 1046 loco

110 1074 184 1124 quam
199 1054 301 1104 maxime
316 1069 406 1121 aprum.
442 1056 479 1105 Vt
493 1055 560 1105 enim
576 1071 645 1105 arana
659 1056 788 1124 uirumque
804 1059 819 1108 i.
831 1075 852 1108 e.
869 1075 989 1113 armatum

111 1125 192 1174 virum
208 1121 269 1171 dicit
283 1126 369 1187 poeta;
396 1122 430 1171 ita
445 1120 468 1171 h.
483 1122 498 1170 l.
513 1122 636 1172 Cret-arim
653 1138 676 1172 et
691 1127 765 1189 iguis²
782 1127 796 1175 i.
813 1143 835 1176 e.
851 1127 992 1180 Cherubim

111 1190 207 1255 ignibus
226 1187 322 1248 atinati,
346 1187 417 1239 facile
435 1189 618 1257 concipiuntur.
668 1191 742 1241 Nihil
762 1208 822 1259 ergo
846 1195 993 1248 mutandum

110 1255 179 1308 fuisse
195 1253 300 1304 videtur.

182 1319 399 1373 Consuetudinem
423 1322 577 1390 coniugalem
599 1323 738 1390 primorum
762 1340 892 1394 parentum
913 1330 996 1399 lingua

110 1388 188 1445 sarneia
199 1390 228 1441 C.
237 1390 281 1440 IV.
293 1389 436 1450 uindicatis,
449 1390 529 1442 usitata
540 1390 580 1443 fibi
593 1392 696 1445 formula
708 1402 780 1449 loun
794 1407 833 1449 nrt
850 1409 895 1455 ut*
910 1409 997 1461 ntum

112 1459 194 1511 Adam
207 1458 311 1524 cognorit
323 1474 427 1509 uxorem
443 1457 516 1515 suam,
532 1461 618 1512 vritur.
654 1465 685 1515 Et
696 1461 727 1513 fic
741 1461 889 1531 interpretes
899 1485 997 1527 omnes,

112 1526 156 1596 ipsr
173 1525 245 1577 etiam
264 1524 314 1577 o‘et
327 1525 477 1585 Chaldaeus,
494 1527 547 1579 imo
564 1529 614 1596 ipse
631 1530 735 1599 Spiritus
754 1532 856 1585 Sanetus
871 1552 916 1602 per
931 1538 997 1590 Mat-

112 1597 210 1648 thaeum
223 1611 243 1644 c.
251 1594 267 1644 l.
277 1593 317 1645 vlt.
330 1593 460 1662 (losephus
470 1594 499 1646 ἐκ
512 1595 618 1663 ἐγίνωσκε
629 1616 733 1650 vxorem
744 1598 809 1652 suam
817 1604 947 1664 llrlnrirmls
957 1622 996 1657 re·

112 1663 241 1716 tinuerunt
253 1661 396 1728 cognoscendi
410 1660 576 1730 fignificatum.
601 1667 689 1718 Nouus
701 1681 782 1718 autem
794 1670 916 1739 interpres
928 1673 997 1728 hunc

112 1760 274 1814 deserendum
290 1774 315 1811 et
334 1759 364 1811 ad
380 1759 501 1810 arabicum
519 1744 573 1855 ἕως
588 1762 675 1814 iisdem
689 1781 747 1816 cum
762 1777 807 1824 unt
825 1768 909 1833 literis,
921 1774 993 1839 quod

112 1836 160 1924 est:
175 1847 258 1915 postrit,
273 1846 375 1913 depostrir
387 1867 437 1902 rem
447 1849 609 1918 afferuomium
620 1858 645 1907 iu
654 1859 726 1911 loculo
736 1863 796 1915 Gol.
808 1866 868 1917 Lex.
879 1883 904 1933 p.
918 1874 992 1931 2642.

112 1917 250 1971 abeundum
258 1915 303 1966 elle
314 1918 404 1975 censet,
410 1933 435 1969 et
447 1921 497 1971 hoc
509 1921 720 1984 adminiculo‚nec
731 1948 783 1982 non
794 1933 873 1985 usitata
882 1936 994 1989 hebraeis

112 1986 241 2059 literarum¹
249 1984 321 2037 nin:
335 1984 421 2053 ellips1‚
432 1987 528 2048 nitens,
540 1990 628 2043 ree‘lius
640 1996 671 2046 ita
683 1998 807 2051 trutisserri
821 2001 888 2069 poffe
900 2004 993 2059 statuit:

112 2069 138 2116 et
149 2051 252 2118 depostru
263 2051 371 2104 Adamus
385 2065 452 2111 tiana
467 2056 492 2106 iu
502 2057 577 2108 Emtae
594 2077 694 2114 uxorem
706 2064 785 2125 suam,
802 2070 933 2136 (quidnam
949 2075 994 2126 de-

112 2121 195 2193 posuit
207 2120 232 2170 in
243 2123 376 2184 uxorem?)
390 2122 471 2174 omissa
483 2141 573 2195 nempe
584 2143 629 2193 per
638 2130 736 2199 ellipsin,
746 2152 772 2185 re
783 2136 809 2188 in
820 2155 872 2189 eam
884 2140 913 2191 ud
924 2141 994 2194 alier-

112 2189 220 2243 ¹¹³¹¹dum
233 2187 346 2253 deposta.
382 2191 432 2241 lam
448 2190 463 2241 fi
481 2193 539 2244 nihil
552 2195 624 2251 esset,
653 2201 723 2267 quod
740 2220 890 2274 magnopere
906 2225 994 2264 contra

111 2256 209 2310 moneri
221 2255 305 2323 pollen
320 2257 375 2323 quia
387 2271 469 2311 tamen
482 2278 567 2312 nontam
581 2265 616 2315 est
627 2280 652 2317 et
665 2267 699 2318 ob
711 2270 834 2339 duplicem
847 2275 939 2345 ellipsm
950 2279 995 2332 du.

112 2343 184 2383 rum,-
201 2340 282 2390 neque
293 2325 399 2375 omnino
412 2324 571 2395 iterefforimrz,
588 2333 628 2386 vix
640 2336 788 2391 crediderim
798 2341 892 2396 multos
906 2345 996 2400 inuen-

112 2410 196 2448 turum
211 2391 272 2453 ell'e‚
292 2392 380 2461 quibus
397 2396 496 2464 placeat,

183 2463 298 2539 Alterum
318 2461 389 2514 huius
411 2467 539 2520 commatis
553 2468 749 2532 hemistichium,
776 2478 842 2530 Euae
860 2480 998 2542 deterens

115 2545 174 2585 nato
190 2529 241 2581 filro
258 2528 358 2606 ellhtum
379 2547 518 2602 exponens,
543 2550 602 2592 nint
617 2549 655 2593 mr
674 2554 728 2596 ms&
746 2556 818 2615 ,ΜΡ
835 2552 1000 2617 problemati.

45 2651 46 2654 ,
115 2602 162 2653 bus
177 2612 310 2666 exegeticis
324 2605 444 2676 accenset.
488 2607 549 2657 Non
566 2605 727 2677 spernendam
744 2614 847 2683 quidem
865 2620 929 2681 elie,
953 2616 999 2686 ait,

114 2669 216 2723 illorum
226 2666 383 2727 sententiam,
402 2673 445 2742 qui
456 2673 487 2727 de
498 2675 579 2729 lllelha
591 2679 800 2750 interpretentur:
828 2686 912 2744 habeo
930 2710 999 2748 nunc

587 2746 607 2797 Β
921 2762 1000 2816 Drmi-
