2190 2978
83 336 85 341 ’
126 331 257 400 quondam
268 327 447 391 resurrecturo,
465 318 615 400 ad'vnguem
627 314 744 400 'impleta
762 320 895 382 S'acrorum
909 318 1011 395 βιογςοέ-

125 400 186 468 φ’ων,
205 403 247 471 qui
259 419 297 455 res
308 403 338 455 ab
350 406 387 456 Eo
400 401 563 471 gestas'nobis
577 398 659 452 diuina
678 398 840 469 inspiratione
856 395 958 466 scriptas
971 390 1011 447 re*-

124 471 262 540 liquerunt‚
279 486 368 540 vtpote
382 471 475 541 probae
488 469 563 541 notae
579 468 719 537 nulliusque
731 467 823 540 fraudis
838 465 1010 541 suspeslorunt

125 541 255 602 hominum
276 540 433 600 testimonio,
461 538 613 608 quibussne
632 538 699 591 causa
714 537 857 590 historicam
873 540 963 603 negare
980 532 1009 592 fi·
1057 553 1059 557 ’

47 630 49 633 ·
125 609 192 668 dem,
208 626 261 662 non
273 610 351 661 modo
361 609 546 676 improbum-et
559 607 702 677 impudens,
720 607 802 668 sedet
816 625 828 658 a
841 605 938 658 ratione
950 604 1008 676 alive-y

125 693 185 729 num
202 678 279 735 foret,
297 677 448 729 manifestum
470 678 510 727 est.
546 678 615 740 Sicut
633 676 709 743 igitur
723 677 774 728 hoc
786 691 890 726 omnem
904 688 1007 741 captum

96 771 97 776 =
126 744 240 813 superans
251 746 433 798 'resurrectionis
445 745 537 798 Christi
549 746 698 813 mysterium,
708 755 762 803 non
774 745 858 803 minus
869 759 942 810 quam
953 757 1008 793 cae-

126 826 178 864 tera
192 813 256 866 fidei
264 813 389 882 dogmata,
403 831 432 865 ex
443 814 491 866 sola
502 814 654 874 reuelatione
665 813 779 880 patescit:
797 812 832 865 ita
846 812 933 865 eadem
944 808 1010 862 nihil

127 881 199 940 etiarn
216 882 292 941 dubii,
306 883 332 933 in
347 883 394 934 hae
405 896 471 933 tanta
489 882 592 933 tnatetia'
604 880 728 948 relinquit.
958 903 960 907 ’
1000 893 1001 896 ’

179 967 180 970 ’
198 949 246 1001 Sed
257 950 376 1017 quorsum
386 950 447 1001 haec
457 948 530 1000 nobis
546 949 631 1000 omnia
643 947 884 1016 impraesentiarum?
898 947 1007 1010 Scilicet,
1056 972 1057 975 ¹

128 1031 155 1070 vt
165 1018 384 1085 hoc'atgumento,
401 1016 605 1084 quandoquidem
617 1015 694 1066 sactae
703 1015 831 1082 vtriusque
844 1015 954 1068 foederis
966 1019 1009 1084 pa*v

6 1130 8 1132 ,
66 1143 68 1146 .
127 1086 206 1153 ginae
213 1086 397 1137 credendorum
412 1098 438 1133 et
450 1082 603 1158 agendorum
619 1081 749 1148 cynosura,
768 1096 793 1132 et
807 1083 907 1133 unicum
920 1084 1009 1135 conse-

125 1151 242 1219 quendae
252 1166 364 1215 aeternae
376 1151 456 1201 salutis
467 1150 618 1217 principium
630 1150 693 1206 sunt,
707 1148 827 1202 discamus
839 1166 878 1200 eas
890 1150 1010 1203 sacrosan·
1077 1146 1078 1150 ¹

130 1216 563 1286 &asababer'ereuerentersttaslare,
581 1218 655 1268 illotis
667 1218 780 1268 manibus
791 1234 917 1285 nunquam
929 1229 1015 1288 aggte·'

75 1305 78 1308 ⁴
131 1289 171 1344 di;
187 1302 263 1354 vtque
275 1285 360 1336 sedulo
373 1288 515 1341 caueamus,
527 1301 559 1334 ne
572 1284 677 1352 profana
691 1299 787 1343 mente,
798 1299 824 1335 et
833 1302 907 1337 vanae
918 1288 1013 1354 glorio«
1054 1308 1057 1312 ·

130 1357 167 1408 lae
177 1353 303 1418 venandae
315 1368 357 1403 aut
369 1350 508 1403 ostentandi
520 1351 640 1418 ingenioli
653 1368 714 1420 ergo
727 1353 775 1404 illas
789 1351 954 1419 sollicitemus,
965 1372 1014 1407 nec
1067 1349 1069 1354 ⁴

52 1425 53 1429 ’
130 1423 225 1476 facilen
237 1419 288 1472 sama
303 1421 424 1472 maiorum
435 1420 653 1488 interpretatione,
670 1437 695 1471 et
706 1422 814 1489 antiquis
825 1422 849 1473 in
861 1422 957 1475 ecclesa
968 1425 1014 1476 du·

61 1537 64 1540 ⁴
131 1492 192 1543 dum
209 1489 317 1557 receptis
333 1488 498 1546 versionibus,
515 1488 557 1540 nist
571 1504 659 1557 graues
677 1489 889 1558 causaeposcant,
907 1493 1017 1545 minime

131 1575 215 1613 autem
230 1559 357 1620 omnium,
373 1558 504 1626 temerario
515 1558 689 1617 nouaturiendi
700 1558 803 1627 pruritu,
814 1560 958 1619 et³ventosa‚
970 1562 1019 1614 ali-''-

132 1628 202 1696 quid,
214 1626 284 1695 quod
295 1626 408 1677 nondum
420 1626 557 1677 inauditum
568 1626 656 1682 suerit,
669 1627 814 1696 proferendi
824 1627 960 1682 ambitione
973 1648 1011 1683 re·

132 1697 263 1760 cedamus,
284 1710 359 1762 atque
378 1694 408 1745 ad
422 1695 569 1746 immaturos
590 1695 773 1764 festinatosque
787 1696 896 1764 priuatae
910 1700 1010 1751 critices

113 1821 114 1824 Ἴ
131 1763 210 1830 (haec
221 1763 288 1827 enim
298 1761 365 1815 foret
376 1763 512 1830 vituperata
523 1763 552 1813 ab
562 1763 674 1832 apostolo
685 1760 731 1813 illa
743 1763 859 1825 ἐπιλυσις)
867 1781 1012 1833 ’ρπῑυεηος

70 1881 74 1884 ⁴
117 1832 229 1898 *defleui
243 1831 369 1898 patiamur.
391 1830 536 1897 »Displicet
553 1832 657 1888 nterim,
677 1833 750 1882 huius
762 1833 854 1900 paulini
865 1836 955 1886 moniti
968 1849 1012 1903 pa-'

107 1935 108 1938 =
132 1918 187 1953 rum
203 1915 301 1950 memor
312 1897 469 1948 Dosiillitnus
483 1898 555 1963 Belga
569 1899 670 1965 Aggeus
682 1900 805 1961 Haitstna,
824 1901 849 1951 in
860 1918 924 1971 pago
935 1905 1019 1957 Wier'.

135 1967 289 2022 ecclesiastes,
295 1965 378 2019 multis
388 1965 429 2032 pie
440 1965 520 2016 dotus
532 1980 558 2016 et
568 1965 685 2017 sacrarum
699 1966 823 2019 literatum
835 1973 1011 2026 reuerentibus
1088 1977 1092 1986 '

134 2035 198 2091 viris.
226 2035 255 2085 *Is
271 2033 337 2083 enim
351 2034 376 2083 itt
386 2033 456 2083 Curis
461 2033 744 2100 philologico-exegeticis
756 2035 782 2087 in
794 2036 902 2089 Genesin
915 2040 962 2092 ase
974 2042 1011 2102 su·
1029 2076 1036 2086 s

134 2102 228 2175 petioti
243 2118 310 2152 anno
324 2103 494 2169 ‘Franequerae
511 2102 583 2154 editis
605 2103 680 2155 multa
695 2104 722 2154 in
739 2102 797 2170 sacri
813 2105 913 2157 hebraei
928 2108 1015 2162 textsl's‘

134 2171 312 2240 firnplicitatem
323 2169 392 2220 ausus·
401 2171 442 2227 est,
451 2186 504 2221 non
515 2169 565 2222 fine
575 2169 747 2223 admonitione
757 2173 926 2227 dimittendus.
951 2178 1014 2230 Vel--

135 2242 196 2298 lent,
206 2238 249 2307 qui
260 2238 314 2290 eius
323 2238 496 2290 existimationi
509 2254 534 2290 et
545 2239 646 2307 ingenio
658 2239 749 2299 fauent,
761 2241 811 2293 boc
823 2243 852 2295 Ei
861 2242 888 2293 in
899 2236 1012 2300 mentem

137 2326 191 2361 non
206 2306 302 2365 venisse,
313 2320 339 2357 et
350 2304 440 2357 faslum
450 2307 496 2358 effe
506 2307 594 2367 dolent
599 2331 605 2367 ;
622 2323 648 2359 et
659 2307 740 2361 forsan
758 2309 809 2377 ipse
824 2311 963 2378 aliquando,
976 2316 1014 2367 fa:
1082 2341 1085 2346 ’

87 2382 89 2385 ’
137 2376 203 2430 &utu
219 2375 320 2427 dolebit.
354 2374 428 2426 Libet
438 2375 484 2427 iant
500 2376 556 2445 post
566 2391 604 2436 ea,
619 2393 683 2444 quae
699 2378 754 2429 bina
765 2379 900 2447 scriptione
914 2384 1018 2437 monite

19 2457 36 2481 ³
104 2492 106 2495 .
137 2446 202 2504 sunt,
213 2444 243 2496 ad
254 2449 353 2523 caetera·
362 2455 477 2513 pergete;
494 2453 560 2501 non,
575 2445 645 2514 quod
658 2445 728 2503 absit,
738 2446 816 2499 famae
831 2464 884 2499 etus
894 2449 1014 2505 imminu·
1028 2483 1030 2487 ν

117 2567 118 2570 ,
139 2514 227 2571 eladae,
237 2513 277 2583 cui
287 2515 428 2580 neutiquam
439 2511 575 2565 detractum
588 2509 665 2572 volo‚'
680 2513 721 2581 sed
732 2516 877 2579 nostratium
894 2515 1015 2574 iuuenum

139 2582 302 2636 studiosorum
313 2593 393 2651 ergo,'
406 2596 433 2642 ‚vt
444 2581 496 2633 talia
507 2597 577 2634 caute
590 2582 679 2650 legere,
691 2593 717 2635 'et
729 2584 868 2653 diligenter,
882 2602 1021 2657 antequam·
1073 2612 1075 2615 ’

140 2652 253 2706 assensum
266 2651 405 2718 praebeant,
418 2666 533 2703 excutere
548 2650 653 2709 discant;
673 2670 721 2705 nec
735 2654 761 2706 in
775 2654 850 2709 alium
858 2654 940 2712 finem
956 2660 1019 2714 baec

141 2722 231 2793 scripta
242 2719 303 2789 elles
316 2737 328 2774 a
340 2718 472 2774 lesloribus
492 2720 620 2774 existimari
632 2720 737 2793 cupio.'
802 2776 803 2779 ,
947 2734 948 2737 ’

591 2794 645 2843 Aa
692 2821 698 2828 ι
750 2857 752 2863 Ι
948 2798 1019 2862 Con.
